@inproceedings{zhang2013comprehensive,
  title={A comprehensive study of bluetooth fingerprinting-based algorithms for localization},
  author={Zhang, Li and Liu, Xiao and Song, Jie and Gurrin, Cathal and Zhu, Zhiliang},
  booktitle={2013 27th international conference on advanced information networking and applications workshops},
  pages={300--305},
  year={2013},
  organization={IEEE}
}


@article{alsheikh2015deep,
  title={Deep activity recognition models with triaxial accelerometers},
  author={Alsheikh, Mohammad Abu and Selim, Ahmed and Niyato, Dusit and Doyle, Linda and Lin, Shaowei and Tan, Hwee-Pink},
  journal={arXiv preprint arXiv:1511.04664},
  year={2015}
}

@INPROCEEDINGS{UJIIndoorLocPap,
  author={Torres-Sospedra, Joaquín and Montoliu, Raúl and Martínez-Usó, Adolfo and Avariento, Joan P. and Arnau, Tomás J. and Benedito-Bordonau, Mauri and Huerta, Joaquín},
  booktitle={2014 International Conference on Indoor Positioning and Indoor Navigation (IPIN)}, 
  title={UJIIndoorLoc: A new multi-building and multi-floor database for WLAN fingerprint-based indoor localization problems}, 
  year={2014},
  volume={},
  number={},
  pages={261-270},
  doi={10.1109/IPIN.2014.7275492}}


@article{li2016indoor,
  title={Indoor positioning techniques based on wireless LAN},
  author={Li, B. and Gallagher, T. and Dempster, A. G. and Rizos, C.},
  journal={IEEE Wireless Communications},
  volume={13},
  number={5},
  pages={32--39},
  year={2016},
  publisher={IEEE}
}

@article{mendoza-silva2018comprehensive,
  title={A comprehensive analysis of the main challenges for indoor location-based services},
  author={Mendoza-Silva, G. M. and Torres-Sospedra, J. and Huerta, J.},
  journal={Journal of Location Based Services},
  volume={12},
  number={2},
  pages={77--93},
  year={2018},
  publisher={Taylor \& Francis}
}

@article{wang2017deep,
  title={Indoor Localization Using Convolutional Neural Networks},
  author={Wang, J. and Chen, Q. and Yang, S. and Shi, Q.},
  journal={IEEE Internet of Things Journal},
  year={2017},
  publisher={IEEE}
}

@inproceedings{teran2019benchmark,
  title={Benchmark analysis of algorithms for determining user indoor positioning using the UJIIndoorLoc dataset},
  author={Ter{\'a}n, Marco A. and Ore, Jorge M.},
  booktitle={2019 IEEE International Conference on E-health Networking, Application \& Services (HealthCom)},
  pages={1--6},
  year={2019},
  organization={IEEE}
}
